4762 6168
1057 546 1101 606 bb
1227 554 1232 572 ¹

240 722 309 801 snm
337 732 403 799 ilie
421 718 514 798 'mara
541 716 624 810 arat,
651 728 690 796 ab
718 728 796 816 ipsis
824 727 941 795 civbus
966 733 1240 811 consumebantur,
1267 748 1327 798 nac
1352 730 1473 799 umen
1493 737 1575 800 sunt
1594 732 1599 743 '
1618 728 1697 801 Post
1717 733 1858 800 conditos
1878 738 1918 803 ab

222 826 479 925 ’titberdensibns
506 826 643 900 'Pburiua
663 835 788 918 olymp.
809 830 991 913 Lxxxlv,
1014 837 1045 915 1,
1067 830 1356 922 (Pacui-Rochctte
1375 837 1450 901 hiat.
1470 838 1570 902 colun.
1591 858 1693 923 graec.
1713 843 1788 903 tom.
1809 834 1864 904 W.
1883 858 1917 923 p.

236 940 361 1029 815.)οο
376 943 499 1025 quidem
520 940 591 1003 laco
606 940 709 1022 majus
730 939 854 1001 videm
874 939 1031 1009 exstitisse
1052 958 1121 1003 enm
1142 941 1211 1022 ipsa
1228 941 1362 1004 (insede
1382 943 1597 1005 commercium
1604 942 1644 1005 cf.
1658 943 1802 1025 Bbttigcr
1813 940 1916 1005 Amal·
2011 930 2016 937 ’

235 1047 310 1110 absa·
333 1051 406 1108 tom.
425 1042 497 1122 1112,
519 1063 552 1125 p.
565 1025 629 1106 'bili
645 1056 711 1123 sq,
732 1042 773 1105 de
793 1046 966 1106 mercatura
986 1047 1087 1105 autem
1108 1044 1187 1105 nihil
1208 1036 1401 1108 observatum
1421 1046 1612 1124 invenimus,
1632 1065 1692 1109 nec
1712 1044 1919 1127 Metapontini

236 1152 368 1225 uomet,
394 1146 582 1230 agricultura
602 1146 713 1209 diuites
733 1144 818 1223 iacti,
846 1166 885 1209 an
905 1151 1029 1228 praeter
1051 1146 1187 1209 cnssaun
1208 1152 1261 1209 aut
1283 1146 1432 1212 Graeciae
1452 1153 1509 1210 ant
1526 1149 1654 1211 aliarum
1673 1153 1826 1211 terrarum
1847 1147 1918 1210 lues

235 1250 362 1315 nauibus
376 1251 443 1312 ania
455 1247 613 1331 petierint.
633 1247 776 1313 nustatb.
790 1250 829 1312 ad
842 1246 1058 1337 Dionysbbb
1079 1247 1250 1326 Sirab.Vl.,
1270 1269 1303 1333 p.
1316 1250 1391 1313 264.
1406 1251 1593 1314 collattom.
1606 1250 1657 1314 lll.
1670 1251 1785 1333 pulli&
1799 1247 1917 1312 naseu

144 1394 150 1405 ·
224 1352 390 1450 ,Heraclea
415 1351 551 1433 darique
579 1349 817 1416 Tarentinorum
844 1351 983 1430 colonis,
1002 1357 1040 1413 ut
1060 1351 1134 1415 aliar
1154 1352 1293 1417 civitates
1316 1355 1453 1418 eminam
1480 1358 1567 1416 extra
1595 1353 1695 1417 sinum
1715 1351 1918 1415 'larentinam

17 1506 22 1517 .
142 1448 185 1539 f
235 1456 332 1532 sitas,
365 1454 547 1538 metropolis
575 1454 669 1538 huga
695 1457 880 1538 potentioris
907 1455 1032 1537 negotia
1057 1473 1169 1519 vexare
1196 1456 1247 1518 uir
1267 1458 1386 1539 potuit3
1448 1455 1565 1518 idcirco
1578 1461 1758 1528 ,mercrtura
1777 1454 1918 1519 indenda

236 1560 354 1621 vicinas
381 1542 489 1621 ltaliae
512 1557 606 1620 urbes
636 1556 771 1621 Parente
799 1563 959 1640 superatas
981 1577 1071 1634 esse,
1104 1559 1138 1620 in
1164 1565 1273 1640 aperto
1301 1564 1360 1620 est.
1398 1555 1520 1623 Verum
1541 1559 1634 1621 etiam
1654 1558 1803 1619 Adriatici
1823 1558 1919 1620 maria
1980 1618 1984 1625 .

237 1663 389 1740 portubus
411 1661 641 1743 opportunitate
662 1659 830 1723 Tarentum
851 1662 1056 1723 antecessisse
1080 1660 1271 1742 largiendum
1297 1664 1364 1735 eat,
1387 1661 1563 1740 quicunque
1584 1661 1665 1722 enim
1685 1660 1717 1721 iu
1739 1658 1858 1722 ltaliam
1878 1660 1917 1722 ab

233 1762 361 1844 Iapygio
381 1763 595 1844 promontorio
617 1762 781 1845 Sipontum
800 1782 903 1843 usque
922 1763 1068 1824 tendebat
1089 1782 1128 1824 ex
1148 1764 1211 1825 oris
1234 1762 1395 1842 oppositis,
1419 1760 1589 1825 Tarentum
1609 1778 1718 1825 navem
1739 1762 1918 1842 appellabat

232 1862 293 1926 baa
312 1866 392 1928 nabe
412 1865 452 1928 ad
472 1867 701 1930 communadas
724 1872 758 1929 et
777 1859 1042 1949 manuferendaa⁷)
1063 1882 1191 1927 marces
1212 1879 1288 1923 usus
1311 1865 1454 1939 tanquam
1474 1862 1671 1943 receptaculo
1693 1854 1867 1948 (ἐμπορίῳ
1875 1859 1917 1946 ⁸).

184 2011 188 2017 -
231 1968 337 2049 litque
362 1966 424 2031 baa
451 1969 527 2032 olim
546 1971 645 2051 magia
666 1971 758 2032 etiam
779 1986 950 2049 quamsuc
971 1971 1113 2046 tempore
1131 1965 1231 2026 famae
1252 1963 1385 2024 affirmat
1404 1961 1553 2046 Polybius
1574 1962 1626 2039 X„
1648 1964 1680 2039 l,
1701 1964 1735 2025 i.
1749 1983 1815 2044 sq.,
1841 1970 1918 2028 tuns

234 2071 317 2132 anim
345 2073 498 2134 conditam
525 2071 660 2133 nunduun
689 2070 789 2133 iuuisse
809 2068 1074 2130 Brundusinurum
1093 2067 1219 2143 urb-3
1262 2065 1433 2146 exquibus
1454 2067 1557 2128 verbis
1580 2064 1766 2128 Tarentinos
1787 2066 1918 2129 maxime

218 2172 380 2237 ‘iicruhse
401 2174 483 2235 circa
504 2170 718 2255 Olympiadem
738 2163 969 2255 centesimam⁹)
987 2174 1020 2231 et
1033 2170 1118 2250 qnod
1139 2168 1286 2245 excurrit,
1307 2186 1400 2248 qnuru
1421 2167 1581 2250 Polybius,
1604 2169 1658 2248 qui
1679 2187 1737 2249 per
1758 2169 1917 2252 octogiuta

229 2273 310 2336 duos
331 2293 428 2338 annos
448 2278 581 2339 aetamm
602 2274 689 2373 ‘¹⁰5st
709 2274 838 2337 Lucian.
860 2273 1001 2335 Macrob.
1021 2274 1085 2349 22,
1108 2272 1291 2354 Olympiade
1313 2268 1442 2333 CXLIV
1462 2276 1516 2333 aut
1537 2269 1650 2334 CXLV
1672 2274 1764 2332 natus
1790 2270 1832 2333 sit
1874 2268 1915 2333 ci.

231 2367 411 2448 &miehi
423 2375 540 2448 {solym
557 2382 640 2440 tam.
655 2364 699 2441 V.
715 2396 751 2447 n.
771 2376 962 2447 &ambare
981 2375 1132 2448 cullisere
1150 2374 1228 2441 milui
1247 2374 1365 2437 uideor.
1408 2370 1473 2434 Sed
1501 2373 1535 2436 id
1563 2373 1647 2449 qnod
1675 2370 1715 2433 de
1742 2371 1915 2434 Brundusi·

233 2484 345 2531 norum
372 2467 451 2528 urbe
478 2469 617 2548 prodidit
635 2467 786 2547 Polybius
806 2466 909 2529 iateor
928 2485 1083 2547 nunqnam
1102 2487 1154 2529 me
1174 2487 1246 2530 esse
1265 2470 1495 2530 conciliaturum
1516 2488 1585 2530 cum
1607 2471 1736 2532 alteram
1756 2479 1916 2537 auderunt

231 2570 274 2633 de
294 2568 477 2650 antiquitate
496 2568 665 2643 Brundusii
686 2570 847 2632 sententiis
868 2568 971 2651 ileyn.
992 2585 1100 2651 opusc.
1120 2567 1174 2632 Vl.
1195 2589 1227 2652 p.
1247 2569 1322 2632 aba.
1336 2588 1401 2652 aq.,
1430 2570 1490 2631 nisi
1509 2567 1632 2651 Polybii
1652 2572 1747 2634 uerba
1767 2574 1806 2636 ad
1827 2575 1915 2638 eolo·

229 2673 312 2737 siam
339 2671 507 2735 Romarm
534 2671 673 2735 retulero
694 2670 902 2736 Brundusium
923 2672 1085 2736 deductam
1107 2671 1269 2757 Torquato
1290 2678 1323 2734 et
1343 2671 1524 2753 Sempronio
1546 2671 1663 2735 Romae
1684 2675 1863 2741 consulibua
1886 2698 1914 2742 a.

228 2796 261 2839 u.
283 2790 312 2839 e:
331 2775 408 2840 blo.
449 2772 563 2865 llellej.
584 2773 620 2851 1,
642 2775 695 2852 14,
723 2774 754 2838 Β.
768 2771 823 2855 ¹⁰),
843 2780 915 2839 ante
936 2777 1021 2858 qaod
1041 2782 1164 2861 tempus
1183 2782 1274 2839 retus
1294 2776 1557 2840 Brundusinerum
1577 2778 1654 2839 urbs
1674 2764 1913 2843 Tueuuuorunr

229 2880 370 2960 potentia
401 2878 524 2941 omniuo
546 2878 695 2959 depressa
713 2877 821 2940 inerit.
863 2878 1061 2945 Demonstrat
1080 2886 1166 2945 totus
1186 2879 1372 2961 Polybianus
1394 2880 1493 2956 loeus,
1515 2877 1702 2943 Tarentinus
1723 2898 1763 2943 eo
1785 2882 1915 2961 potissi·

230 2994 316 3037 nonan
336 2985 527 3043 mercaturae
548 2997 663 3058 genae
684 2981 886 3056 excelluisse,
916 2985 1000 3061 quod
1020 2989 1173 3048 nostrates
1194 2988 1320 3046 vocant:
1364 2980 1639 3053 Zwlschenhanalel
1662 2984 1726 3047 sire
1748 2983 1914 3047 Transito·

229 3064 354 3150 baudai,
377 3073 505 3134 ubsrum
526 3080 807 3151 gentimnetces
817 3083 1001 3148 sanderum
1009 3086 1043 3147 in
1058 3104 1121 3153 quo
1135 3090 1240 3150 utrum
1251 3085 1314 3151 insi
1324 3081 1487 3144 Tarentini
1496 3096 1618 3137 merces
1633 3087 1774 3156 emerint,
1796 3086 1911 3148 dende
2018 3108 2023 3115 ·

228 3176 460 3262 nrq‘orapretie
472 3172 675 3247 vendiderint,
696 3177 732 3234 ut
747 3178 986 3241 comenbnenm
999 3179 1059 3250 est,
1080 3193 1119 3239 an
1139 3192 1259 3237 mances
1280 3174 1362 3255 spud
1383 3193 1442 3236 eos
1459 3175 1499 3239 acl
1519 3178 1712 3242 rendendum
1733 3180 1907 3263 depositae,

227 3283 290 3365 ipsi
309 3298 384 3343 vere
405 3276 485 3340 lueri
507 3275 673 3358 participes
694 3273 770 3338 facti
791 3276 864 3354 sint,
885 3294 944 3359 pro
965 3281 1052 3339 certo
1072 3295 1136 3342 non
1156 3278 1382 3341 affirmaverim.
1410 3277 1471 3339 Est
1491 3283 1593 3341 autem
1613 3281 1698 3347 istud
1718 3289 1937 3350 mercaturae,

122 3396 132 3407 ‘
230 3402 328 3466 genus
350 3383 390 3444 ad
411 3384 557 3461 quaeriue
578 3379 750 3441 mamimus
770 3378 865 3461 longe
887 3379 1045 3462 optimum,
1067 3380 1140 3446 olim
1162 3403 1180 3445 a
1199 3383 1295 3445 totius
1317 3380 1506 3462 antiquitatis
1525 3383 1671 3464 emporiis
1689 3378 1910 3468 celeberrimis,

230 3483 494 3567 opulentissimis,
515 3476 755 3564 putentissimis,
777 3500 795 3543 a
817 3480 922 3563 Tyra,
945 3483 1149 3568 Cartbagine,
1169 3486 1283 3551 Mileto
1304 3486 1435 3565 aliisque
1456 3487 1634 3549 exerdtum.
1678 3489 1777 3552 Simul
1798 3512 1836 3553 en
1857 3511 1909 3570 eo,

226 3587 322 3667 quon
333 3586 457 3648 iortusm
478 3586 621 3647 sanavit,
642 3584 766 3650 Polsbli
787 3586 889 3650 netto
908 3586 1007 3635 ιιιιο,
1018 3587 1178 3656 eumgltur
1192 3591 1278 3659 yuau,
1299 3586 1536 3651 Tarentinorum
1549 3596 1751 3655 mercaturam
1763 3614 1825 3657 nun
1840 3614 1909 3659 eam

190 3732 195 3739 ,
224 3680 345 3754 fimare,
371 3693 461 3755 quam
482 3672 610 3734 acnuam
631 3675 786 3757 ambules
808 3672 914 3735 dicere
947 3674 1050 3739 solent
1091 3678 1527 3747 er.b1ubarbuneus'.sun.
1548 3692 1571 3748 1:
1594 3709 1625 3769 p.
1646 3695 1740 3770 sle,
1762 3715 1849 3772 nam,
1870 3698 1911 3761 nt'
1977 3736 1980 3741 ·

226 3781 412 3853 concedam,
444 3775 680 3856 peregrinorum
701 3773 858 3837 exstitisse
879 3775 1088 3859 multos,‚qui
1109 3782 1237 3844 suismet
1256 3785 1395 3863 ipsorum
1417 3788 1543 3850 navibus
1566 3789 1703 3853 Tarento
1723 3797 1757 3855 in
1776 3799 1906 3877 patriam

120 3960 123 3967 ¹
225 3885 416 3953 desciuerant
434 3895 555 3941 merces
576 3897 596 3940 e
616 3876 730 3961 Magna
751 3877 883 3942 Graecia
901 3882 1101 3960 conquisitas,
1122 3882 1250 3965 insignis
1271 3890 1373 3950 tamen
1394 3886 1628 3955 Tarentinarum
1649 3896 1771 3959 navium
1794 3918 1901 3965 nunne-
2001 3954 2005 3963 .

227 4011 282 4055 rua
304 3986 474 4066 mirque
495 3984 657 4063 appsratus
680 3979 806 4062 (Strabo
827 3977 892 4059 Vl,
912 4000 945 4063 p.
966 3983 1041 4047 201.
1062 3981 1138 4070 Tr.)
1159 3991 1222 4049 mm
1242 3989 1368 4051 aliarum
1390 3993 1525 4072 gentium
1554 4014 1645 4075 quam
1666 3996 1906 4068 Tarentinorum

122 4138 126 4145 -
228 4087 486 4156 mercimoniaab
504 4086 558 4148 iria
580 4086 658 4171 ipsis
678 4084 711 4144 in
730 4084 910 4165 peregrinas
930 4089 1029 4149 terras
1050 4093 1174 4168 portata
1195 4110 1266 4155 esse
1287 4095 1436 4175 coarguit.
1488 4096 1624 4176 Quarum
1644 4102 1763 4167 nauium
1785 4107 1905 4171 suamab

228 4211 301 4277 pars
324 4192 362 4253 ad
388 4188 538 4252 manturna
564 4187 645 4252 bella
672 4187 808 4270 quenda
834 4192 940 4272 parata
966 4195 1068 4270 esset,
1094 4211 1167 4275 pars
1189 4212 1315 4278 quoque
1334 4202 1525 4301 mmuaturae
1545 4200 1703 4266 faciendae
1722 4206 1903 4272 inaeruilsae

229 4371 476 4397 m.

242 4458 267 4533 ⁹)
285 4462 330 4602 Ship
346 4466 437 4525 racte,
455 4456 562 4527 opinor,
578 4448 892 4605 ιοέειιθμὲεταθὲσεις
908 4463 977 4534 opud
987 4460 1082 4533 Polyb.
1093 4462 1139 4531 X,
1158 4467 1184 4531 1,
1200 4468 1219 4519 8
1226 4462 1307 4565 ycrtit
1318 4462 1504 4535 Carantonus,
1522 4469 1637 4536 quamvis
1651 4468 1751 4526 dubitet
1765 4473 1900 4547 Sebuuig-

230 4642 234 4647 -
294 4561 671 4705 ..tibitibi
687 4552 926 4692 ‚bituiti
945 4551 1081 4704 itii
1097 4566 1233 4690 tibi
1240 4565 1437 4692 bittit
1452 4559 1921 4702 :iiiiiititil'tb

294 4736 353 4774 euna
369 4722 444 4787 patre
460 4724 490 4772 ut
507 4718 558 4772 abii
574 4717 716 4773 Tarentum
733 4721 768 4774 ad
784 4731 942 4789 mercatum
958 4729 1053 4790 postea
1068 4723 1137 4778 inter
1153 4721 1269 4777 homiues
1290 4739 1334 4778 me
1356 4723 1480 4780 deerrare
1495 4743 1513 4780 a
1530 4735 1606 4796 patre
1623 4734 1703 4797 atque
1723 4730 1784 4784 inda
1808 4726 1896 4789 arabi.
1922 4744 1931 4755 ‘

293 4804 326 4859 cf.
344 4804 403 4857 ibid.
422 4806 523 4874 proleg.
540 4808 581 4858 26.
600 4820 639 4874 sq.
672 4804 700 4874 ⁰)
717 4808 790 4863 Male
808 4808 964 4863 candaceus
982 4808 1016 4862 ad
1033 4809 1125 4877 Aqulu.
1143 4816 1168 4879 p‘.
1182 4812 1224 4862 ¹18.
1243 4808 1402 4866 Tarentinae
1413 4818 1577 4867 mercaturae
1593 4814 1684 4868 flerem
1701 4817 1775 4884 penit
1790 4818 1816 4871 in
1828 4800 1897 4885 ten·

292 4888 398 4959 poribus
415 4896 476 4944 ante
493 4892 632 4946 adrentum
648 4891 843 4950 Partbantarum
861 4893 1052 4964 praeterlapsis.
1084 4894 1141 4964 ,¹0)
1163 4894 1279 4963 lleynlus
1297 4911 1386 4966 opusc.
1405 4903 1467 4950 tona.
1486 4896 1531 4951 Vl.
1554 4915 1580 4966 p.
1603 4901 1662 4951 462
1685 4898 1789 4968 Polybi
1809 4896 1896 4957 locum

293 4988 327 5029 au
344 4976 415 5044 qaod
426 4976 614 5032 brundusinum
630 4980 735 5048 portum
751 4980 831 5035 serlus
849 4994 927 5050 quam
939 4978 1111 5035 Tarentinum
1127 4988 1311 5035 nactumesse
1327 4982 1505 5037 celebritatem
1521 4982 1647 5051 affirmat,
1664 4998 1755 5056 parum
1772 4976 1896 5043 scemate

284 5054 427 5129 'crpiieuiq
445 5050 482 5117 ad
495 5078 552 5119 raan
569 5062 672 5134 quidem
688 5068 777 5132 rede,
793 5066 842 5121 aed
858 5067 991 5140 scriptoris
1007 5067 1093 5135 verbis
1106 5064 1212 5123 minim
1229 5060 1399 5127 auustauteua.
1441 5076 1450 5085 ’
1826 5070 1829 5077 ’
