4762 6168
1335 599 1390 666 64

1302 701 1426 721 Μ

526 795 615 859 recte
634 788 716 856 emm
735 785 948 856 munnae
966 784 1123 855 litum
1142 784 1254 885 hegin
1273 803 1305 871 p.
1329 786 1411 866 166,
1443 783 1580 868 diaurin
1599 780 1733 869 coreno
1752 781 1787 849 in
1805 780 1927 851 colonia
1947 776 2136 849 'l‘herinanrl
2156 779 2209 850 in·

529 894 628 959 veniri
648 895 783 976 ephoros
802 913 866 959 non
884 912 998 976 posse,
1019 912 1099 975 quon
1119 892 1184 957 illio
1203 891 1303 956 iniero
1320 894 1454 956 tutatur
1473 889 1656 955 Heracliden
1678 887 1826 953 Ponticas
1851 887 1941 973 polit.
1961 885 2014 963 8.,
2032 888 2062 951 al
2080 876 2225 970 quiderm

448 1032 452 1037 ·
529 996 842 1063 hcedamnordornm
860 997 894 1060 in
905 996 1050 1083 'lteram
1064 995 1210 1061 deductio
1229 993 1329 1078 ipsine
1345 992 1483 1077 Lycurgi
1503 998 1604 1060 rotate
1618 991 1722 1057 multo
1741 991 1831 1074 prior
1843 995 1920 1055 erat
1945 987 2214 1055 Rucrl-Roehett.

529 1100 604 1165 hiat
614 1100 831 1182 nolongrase
839 1103 917 1182 ¹torna.
931 1099 982 1162 lll.
991 1117 1024 1181 p.
1038 1099 1113 1163 240.
1127 1117 1176 1181 aq.
1195 1098 1364 1181 Aeginetae
1377 1101 1480 1160 anima
1493 1097 1682 1181 ephororum
1694 1113 1807 1159 noma
1819 1115 1839 1158 a
1850 1093 2010 1178 apuam·
2032 1093 2216 1176 sdoptnam

531 1199 903 1267 mensurationem
917 1199 1184 1280 effl-Tareniini,
1203 1206 1367 1283 utregem,
1385 1201 1432 1263 oio
1453 1199 1592 1282 qhoroa
1608 1198 1646 1262 ah
1666 1198 1755 1262 initio
1767 1197 1955 1282 reipublicae
1973 1196 2119 1260 hehuiaae
2136 1212 2216 1263 eu·

531 1305 655 1387 qneiis
675 1302 1164 1385 omniumomniuni
1185 1302 1346 1381 videntur,
1368 1296 1479 1384 dolius
1493 1302 1539 1367 „ad
1559 1302 1661 1385 plehlr
1682 1301 1844 1384 imperium
1864 1301 1948 1364 cirea
1967 1298 2213 1372 inclinabantnrz

533 1426 626 1489 quam
652 1426 718 1470 rem
744 1405 1008 1471 lleracleeusium-
1026 1404 1155 1488 ephori,
1186 1406 1330 1487 qnoniam
1348 1404 1540 1485 ,limacleam
1568 1405 1691 1489 olymp.
1711 1402 1882 1469 LXXXVI.
1908 1402 2031 1467 demum
2054 1401 2215 1466 eondtn

532 1509 766 1586 essenovimna,
787 1511 925 1592 apprime
939 1508 1079 1592 probant.
1099 1507 1267 1572 Praeterea
1286 1509 1474 1591 ephororum
1493 1509 1668 1579 ludintun
1688 1527 1728 1577 oo
1748 1526 1876 1591 quoque
1895 1506 2104 1607 confirmatur,
2125 1500 2213 1586 qood

520 1607 604 1674 ‘ante
624 1611 848 1688 contendimus,
868 1629 962 1694 reges
983 1610 1224 1676 Tarentinorum
1243 1611 1344 1676 inisse
1364 1611 1528 1694 potestatis
1548 1611 1712 1676 admodum
1730 1612 1903 1688 coiroitaeo
1944 1608 2086 1674 uolumus
2105 1610 2211 1687 uma

532 1713 633 1777 omnia
654 1713 841 1794 conjecturis
864 1714 999 1793 assequi,
1022 1733 1101 1794 quae
1120 1714 1160 1778 ud
1184 1713 1318 1796 ephoros
1339 1714 1530 1796 pertineant,
1552 1732 1646 1794 quum
1666 1714 1699 1777 in
1719 1713 1781 1777 hac
1797 1734 1835 1779 re
1855 1696 1956 1779 solum
1975 1711 2144 1795 Spartanae
2162 1708 2209 1771 ri·

531 1814 638 1877 altatis
658 1812 832 1895 exemplum
851 1814 1031 1878 intuendum
1051 1816 1103 1894 ait,
1125 1814 1343 1898 “cujusqurlea
1363 1815 1481 1881 inerint
1501 1816 1632 1880 divorsis
1653 1818 1804 1881 aetatihur
1825 1816 1946 1900 ephori,
1967 1815 2095 1898 egregie
2115 1829 2210 1894 erpo·

393 1995 400 2004 Ι
534 1917 627 1989 ritum
649 1920 699 1976 est
718 1936 736 1978 a
756 1915 893 1981 Millero
914 1915 989 1980 Dor.
1010 1915 1056 1994 ll,
1077 1937 1110 2000 p.
1131 1919 1206 1980 lll.
1220 1936 1270 1999 sq.
1311 1917 1353 1982 ci.
1375 1918 1541 2011 Tittunann.
1562 1939 1595 2002 p.
1617 1922 1691 1984 loa.
1705 1938 1753 2003 aq.
1780 1919 1924 1985 marom
1944 1918 1985 1980 ad
2003 1917 2066 1990 tuh.
2086 1913 2211 1980 Hercei.
2235 1926 2239 1933 '

534 2037 567 2100 p.
585 2016 659 2081 14⁵.
672 2037 721 2099 sq.
762 2015 881 2081 Verum
902 2018 936 2081 id
956 2020 1073 2096 nescio,
1094 2038 1134 2084 an
1153 2024 1269 2083 tantm
1289 2022 1372 2084 nacti
1392 2021 1456 2083 sint
1475 2021 1556 2103 apud
1579 2019 1763 2085 Tarentinos
1785 2022 1896 2104 ephori
1914 2019 2094 2104 potentiam,
2115 2034 2211 2099 pum·

395 2204 397 2211 γ
533 2126 597 2183 tam
618 2118 748 2202 Spartae
768 2120 880 2183 seriori
900 2123 1059 2205 tempore;
1097 2141 1151 2189 res
1170 2141 1281 2206 parum
1299 2123 1525 2208 mohehditrtia
1545 2124 1641 2191 hahet
1659 2126 1693 2191 in
1712 2125 1838 2191 ciuitate
1857 2124 2009 2190 maritimo
2028 2121 2211 2189 omaso

534 2241 572 2286 ae
591 2225 763 2285 mercatura
782 2223 897 2286 uictum
919 2223 978 2286 sibi
997 2229 1136 2306 parante.

619 2324 822 2406 Adjungimns
845 2344 925 2406 qnae
944 2326 986 2388 de
1005 2318 1168 2413 γερουσίᾳ
1188 2327 1253 2391 sive
1273 2322 1394 2416 βουλῇ,
1414 2333 1451 2393 ut
1463 2328 1567 2412 megia
1587 2331 1622 2394 in
1641 2329 1818 2395 universnm
1848 2326 1984 2394 dicmur
2012 2326 2055 2393 oi.
2081 2326 2203 2392 illiller.

534 2422 609 2488 Dor·
622 2425 668 2498 ll..
688 2446 719 2503 p·
732 2426 804 2496 91.
825 2428 934 2501 colligi
952 2430 1244 2501 pnisnni...nuippe
1266 2449 1348 2502 quae
1367 2433 1489 2515 maximi
1510 2437 1577 2495 erat
1602 2434 1750 2496 momenti
1768 2434 1801 2494 in
1822 2433 2014 2497 Graecum
2027 2424 2207 2484 Mil!-

537 2523 693 2587 Sesoutum
714 2519 814 2583 inisse
835 2517 917 2602 apud
938 2518 1124 2583 Tarentinos
1146 2522 1326 2601 aigumento
1348 2525 1398 2584 est
1418 2522 1597 2603 inscriptio,
1619 2539 1680 2601 qua
1700 2520 1838 2601 Neptuni
1857 2520 2018 2583 amthemn
2037 2523 2211 2602 pooitume

423 2628 425 2631 ’
536 2630 646 2691 senatu
665 2623 847 2706 populoque
868 2620 1037 2686 Tarentino
1058 2628 1245 2686 memoretur
1266 2623 1306 2687 ei.
1318 2621 1472 2687 Muratorl
1492 2623 1590 2701 1⁰84,
1610 2623 1651 2700 ὃς
1678 2623 1774 2703 idque
1794 2641 1833 2686 eo
1853 2623 1953 2721 minna
1974 2623 2096 2700 mirum,
2117 2643 2212 2705 quum

461 2798 466 2813 ,
536 2734 675 2792 nennium
695 2727 906 2808 magistratum
927 2726 1049 2789 omnino
1070 2728 1278 2789 necessariam
1298 2728 1332 2789 in
1351 2726 1419 2790 aliis
1441 2745 1567 2808 qnoque
1586 2725 1783 2789 lloriensium
1811 2725 1984 2788 civitatibus
2010 2726 2211 2807 musolanos,

535 2830 618 2915 apud
638 2828 897 2893 Lacedaemonios
919 2846 1090 2909 eorumque
1111 2828 1239 2891 colonos
1262 2828 1428 2892 Tittmaun
1450 2849 1483 2911 p.
1497 2828 1570 2891 11⁷.
1579 2847 1639 2909 sq,
1660 2810 1742 2910 apid
1764 2827 1930 2891 Cretenses
1949 2816 2109 2894 Nenmann
2132 2831 2211 2897 cta·

535 2935 599 2996 tica
619 2951 651 3013 p.
671 2930 791 3011 disq,
813 2931 906 3012 Argia
927 2930 1045 2993 Herod.
1066 2929 1145 3008 Vll,
1167 2931 1259 3008 148..
1281 2931 1391 2994 sedin
1411 2930 1511 2994 maula
1532 2930 1639 2996 Thera
1659 2931 1770 2994 seriori
1790 2931 1913 2994 demum
1932 2935 2083 3014 tempore.
2126 2931 2212 2998 Titt-

536 3054 636 3119 mann.
664 3054 696 3114 p.
723 3034 799 3095 41⁰.
843 3033 911 3110 Qua
937 3033 1069 3096 civitatis
1096 3038 1198 3096 aetate
1225 3039 1349 3096 senatus
1370 3034 1527 3119 institutus
1550 3034 1609 3112 sit,
1634 3053 1694 3116 pro
1725 3039 1811 3098 serto
1839 3034 1992 3098 afirmare
2012 3054 2075 3099 non
2095 3037 2211 3113 ausimo

424 3194 428 3203 .
538 3136 646 3223 quidni
663 3136 904 3216 antiquissimum
919 3155 989 3198 eum
1005 3154 1076 3197 esse
1089 3141 1257 3216 propterea
1268 3137 1423 3218 conjicias,
1446 3136 1530 3216 qnod
1540 3120 1614 3220 ipso
1622 3138 1785 3217 Lycurgus
1800 3137 2019 3218 Spartanorum
2030 3131 2212 3222 γερουσίαν

537 3239 735 3305 constituisse
757 3238 893 3309 dicitnr‘i
935 3236 1054 3299 Herod
1075 3236 1111 3313 1,
1132 3235 1186 3298 65.
1227 3235 1383 3298 Plutarch.
1404 3235 1540 3318 Lycurg.
1560 3257 1625 3318 cap.
1646 3238 1700 3299 26.
1742 3236 1838 3300 Plura
1858 3239 1899 3302 de
1920 3237 2076 3325 aenatn⁷),
2096 3241 2149 3303 uhi
2170 3241 2211 3306 ad

538 3343 662 3405 comitio
681 3345 862 3421 perventum
889 3338 1005 3413 inerit,
1033 3338 1262 3429 edisserentur3
1288 3338 1360 3433 xsed
1381 3337 1441 3400 alia
1460 3338 1543 3401 iorte
1562 3342 1754 3420 proponatur
1775 3342 1925 3419 quaestio,
1945 3345 2050 3405 utrum
2063 3350 2210 3426 prytaneo

538 3445 621 3526 apud
642 3442 827 3504 Tarentinos
854 3471 898 3488 -
925 3446 1113 3503 memoratur
1139 3440 1219 3502 enim
1247 3437 1451 3524 πρυτανεῖον
1477 3436 1620 3521 Dionysii
1648 3441 1775 3524 minoris
1803 3434 2065 3524 Syracusanorum
2091 3447 2213 3528 tyranni

538 3551 680 3627 tempore
699 3543 781 3625 apud
802 3543 993 3607 Athenaeum
1013 3540 1095 3612 XV..
1114 3564 1146 3617 p.
1166 3543 1241 3599 iiiii
1262 3538 1359 3617 (1,-
1380 3542 1536 3625 conjuncti
1556 3562 1627 3605 cum
1648 3548 1758 3606 senatu
1777 3544 1903 3623 inerint,
1924 3565 1982 3609 nec
2003 3566 2062 3623 ne;
2089 3548 2130 3612 de
2151 3552 2213 3630 qua
2258 3604 2264 3618 .

457 3657 467 3667 ,
538 3668 576 3713 10
596 3647 697 3728 aptius
718 3645 839 3703 dicotur
858 3646 891 3702 in
911 3637 1042 3720 periodo
1062 3638 1158 3698 altera
1177 3635 1259 3697 iuter
1280 3654 1328 3711 ea,
1351 3654 1430 3715 quae
1451 3636 1490 3697 ad
1510 3626 1613 3716 ipsum
1629 3646 1738 3717 populi
1751 3645 2036 3709 'rorensffimm
2048 3652 2214 3729 minent

624 3747 728 3809 Unum
749 3747 798 3805 esi
818 3742 1061 3822 antiquissimum
1083 3736 1322 3821 Tarentinorum
1348 3736 1522 3798 institutum
1548 3737 1610 3799 hoc
1636 3737 1708 3799 loeo
1735 3728 1989 3819 memorandum,
2011 3762 2115 3808 servo,
2135 3747 2215 3815 (119⁰,

540 3850 696 3931 Mffljpi„
713 3847 813 3907 fuisso
834 3843 916 3925 apud
937 3848 1060 3905 veteres
1082 3840 1267 3903 Tarentinos
1288 3838 1447 3920 colligitur
1467 3859 1487 3901 e
1508 3838 1666 3921 Stephano
1680 3842 1831 3921 Byzantio
1845 3860 1870 3904 s.
1884 3858 1912 3904 v.
1923 3835 2022 3920 Χίος,
2046 3850 2099 3929 qui
2116 3850 2213 3919 Chios
2296 3838 2298 3845 ¹

539 3953 667 4018 tradidit
685 3950 817 4030 primum
837 3945 959 4007 famulis
982 3963 1056 4007 usos
1079 3962 1167 4020 esse,
1188 3947 1225 4004 ut
1245 3943 1504 4005 Lacedaemonios
1525 3942 1658 4019 heidilo,
1685 3944 1817 4025 Argivos
1839 3947 2025 4026 gymnesiis,
2051 3950 2214 4033 Sicyonios

507 4060 513 4075 “
541 4052 780 4137 corynephoris,
810 4048 946 4139 ltaliotaa
972 4045 1112 4128 Pelasgia
1120 4043 1149 4130 ⁸)
1179 4050 1212 4107 et
1240 4047 1407 4108 Cretenses
1436 4037 1602 4122 δμωΐταις
1628 4040 1825 4128 (legendumt
1867 4041 2058 4137 protasio).
2100 4055 2215 4123 Eluoet

542 4156 635 4223 simul
656 4170 695 4215 ex
714 4152 784 4214 loco
805 4150 877 4224 isto,
898 4153 1021 4210 ueteres
1043 4149 1149 4211 ltaliae
1169 4148 1284 4211 incolas
1305 4166 1367 4210 non
1388 4148 1422 4210 ei¹
1436 4147 1593 4210 hominum
1614 4148 1721 4230 generi
1741 4148 1958 4226 comparandos
1981 4171 2062 4233 esse,
2085 4160 2139 4239 qui
2150 4178 2212 4225 ηε.

542 4251 673 4345 piosaco
692 4253 893 4328 vocubantur,
920 4249 1012 4311 liberi
1042 4251 1166 4343 quidem
1193 4251 1250 4313 sed
1277 4250 1425 4312 tributum
1445 4251 1636 4331 pendentes,
1664 4268 1770 4313 verum
1801 4248 1958 4316 duriorem
1987 4275 2042 4319 eos
2070 4264 2213 4328 serviisse

535 4362 732 4433 seruitutem,
754 4360 790 4416 nt
811 4355 894 4415 serui
910 4353 986 4434 jure
1005 4352 1154 4417 dicantur.
1196 4351 1273 4413 Erat
1293 4351 1469 4434 hujusmodi
1491 4353 1622 4441 servitus
1643 4353 1676 4413 in
1697 4352 1868 4416 civitatibus
1892 4356 2079 4439 Graecorum
2099 4353 2211 4443 pierio.

543 4484 621 4546 que,
648 4460 777 4523 maxime
798 4452 1009 4529 Doriensium,
1039 4455 1093 4534 qni
1113 4456 1247 4518 victores
1269 4455 1447 4535 peregrinas
1468 4459 1567 4516 terras
1588 4450 1722 4537 ingressi
1744 4460 1824 4517 sunt.
1866 4457 1907 4521 oi.
1928 4458 2052 4522 liuhulr.
2072 4465 2111 4528 ad
2132 4466 2212 4551 Tiso.

542 4589 575 4651 p.
596 4564 671 4628 212.
714 4560 879 4622 Tittmann.
900 4576 933 4640 p.
954 4557 1029 4620 261.
1042 4576 1090 4638 sq.
1132 4556 1260 4622 Miller.
1279 4556 1354 4623 lior.
1375 4554 1426 4635 il.,
1445 4576 1478 4641 p.
1499 4556 1552 4620 52.
1567 4576 1634 4640 sq.;
1676 4575 1735 4620 uec
1762 4577 1854 4624 secus
1881 4580 1953 4625 esse
1980 4568 2103 4643 poterat
2132 4573 2213 4656 apud

542 4696 784 4719 W

558 4768 584 4838 ⁷)
600 4749 765 4834 Magnopere
781 4758 875 4812 fallitur
891 4758 1007 4827 Heynins
1024 4774 1116 4829 opusc.
1133 4760 1177 4827 ΙΙ,
1195 4777 1220 4830 p.
1238 4764 1308 4828 223,
1326 4776 1404 4830 qoem
1419 4758 1546 4815 Millerns
1562 4759 1674 4826 Donll,
1690 4778 1716 4831 p.
1736 4766 1794 4818 177.
1811 4766 1915 4817 aeeutm
1932 4767 2116 4839 emendetur,
2134 4788 2212 4839 onum

612 4853 662 4906 odoi
678 4844 878 4901 Tarentinorum
901 4852 1020 4900 senatum
1042 4845 1236 4916 deprehendere
1252 4849 1321 4901 virus
1338 4849 1374 4902 sit
1394 4847 1462 4915 apud
1480 4847 1580 4900 Livium
1598 4846 1685 4911 vill,
1708 4852 1769 4913 27.,
1794 4849 1866 4915 cuju!
1887 4850 1968 4905 verba
1989 4850 2023 4907 hd
2046 4855 2212 4914 Lucanorum

612 4940 731 4991 reustum
748 4938 869 4999 spectare
885 4929 1011 4985 intellexit
1027 4931 1261 4987 Drakenborchiua.
1303 4930 1329 5000 ⁸)
1354 4932 1395 4984 lle
1411 4932 1584 4999 Pelasgorum
1602 4929 1699 4987 didone
1716 4934 1775 4988 vido
1790 4931 1958 4989 Niebuhlium
1975 4935 2032 4990 bisi·
2051 4938 2128 4995 Rom·
2147 4950 2209 5003 tono
2227 4940 2233 4947 ’

512 5078 516 5091 ¹
612 5022 644 5086 L,
657 5038 683 5088 p.
703 5023 745 5071 61.
763 5016 805 5070 ed.
824 5008 869 5081 11,
892 5015 927 5069 ad
950 5031 1016 5082 quor
1030 5017 1131 5070 'referri
1152 5017 1234 5085 possit
1255 5015 1297 5082 id,
1326 5016 1397 5082 quod
1420 5016 1525 5069 tradidit
1548 5008 1629 5070 Plato
1652 5017 1686 5072 de
1710 5020 1778 5087 legg.
1797 5018 1856 5084 vi,
1879 5036 1906 5087 p.
1923 5028 1982 5075 777.
1995 5021 2035 5090 (p.
2046 5027 2106 5080 461.
2117 5028 2209 5095 Belak.)

615 5107 649 5159 ,ῃ
671 5104 760 5173 piratis
783 5089 973 5183 napsdivouc
990 5117 1024 5155 er
1041 5103 1121 5155 remis
1138 5101 1213 5154 saetis
1235 5101 1292 5169 ipso
1315 5099 1460 5169 philosophi
1480 5107 1611 5169 tempora,
1634 5110 1664 5157 ut
1680 5108 1808 5158 monstrat
1824 5106 1984 5174 participium
1999 5102 2204 5188 γιγνομένων.

554 5260 559 5267 ἱ
612 5191 645 5245 ci
663 5188 754 5244 Athen.
771 5188 833 5255 vi,
844 5206 871 5258 p.
887 5192 948 5242 267.
966 5202 1001 5241 ex
1017 5186 1122 5242 Malaoo
1139 5187 1173 5242 de
1190 5186 1272 5242 servia
1288 5186 1435 5243 Samiorum
1451 5187 1598 5250 robellihua.
1633 5189 1736 5244 Mdller.
1752 5188 1816 5244 Dor.
1833 5190 1878 5257 ll,
1894 5208 1921 5261 p.
1939 5197 1998 5249 176.
2172 5206 2174 5211 “
