4762 6168
1024 571 1068 635 at

985 667 1108 687 -α

209 764 355 829 cocuntur
371 756 511 841 χιτῶνες
530 755 587 838 iiii,
610 762 750 827 onustum
770 756 917 842 quidem,
939 775 1001 821 uon
1021 755 1178 821 materiam
1206 763 1344 842 spectat,
1366 757 1423 825 ted
1443 777 1505 826 uon
1525 764 1647 825 textura
1667 759 1750 839 seh,
1772 777 1879 829 vorum

210 869 301 957 etiam
321 867 504 955 ornamentis
523 864 727 947 splendebant
745 862 950 940 remunito,
971 861 1053 924 uude
1076 853 1190 947 ἐσθὴς.
1207 857 1396 949 Ταραντίνη
1418 853 1569 951 εὐανθὴς
1588 865 1706 928 dicitur
1717 864 1799 947 apud
1813 866 1878 929 hu·

143 982 149 986 ’
209 971 286 1034 ciam
312 969 429 1031 rhetor.
449 971 605 1050 praecept.
627 964 680 1029 15.
724 965 872 1047 Gestabat
901 963 982 1027 euim
1012 962 1199 1031 Tarentinus
1228 966 1304 1028 civis
1332 966 1510 1049 splendidos
1538 972 1714 1048 praetextos
1742 969 1881 1031 rabbus

206 1071 317 1135 limbos
348 1062 527 1155 (παρυφὴν
550 1063 702 1152 διαφανῆ
708 1063 736 1148 ²)
778 1067 891 1131 Athen.
913 1065 995 1143 ΧΠ,
1015 1087 1047 1148 p.
1068 1066 1144 1131 ⁴iil.
1167 1066 1268 1131 Schw.
1289 1063 1559 1159 (6226616),
1595 1068 1680 1131 addit
1700 1066 1879 1151 Hesychius

208 1166 435 1259 Ταραντινὸνι
458 1164 634 1257 κρωσσοὺς
645 1156 730 1248 ,ἕχον
751 1159 790 1231 ἐκ
810 1165 874 1231 τοῦ
896 1157 970 1242 ἑνὸς
990 1163 1130 1254 μέρους,
1162 1189 1198 1257 ac
1224 1172 1302 1232 varii
1329 1176 1448 1234 restem
1474 1171 1573 1233 fuisse
1602 1170 1716 1232 coloris
1744 1191 1763 1234 e
1784 1168 1896 1243 saida,

208 1276 316 1355 lidum.
353 1272 484 1337 samma
498 1270 688 1336 'tarmtinidii
707 1272 806 1333 virtus
827 1275 952 1353 praeter
969 1272 1047 1335 haec
1067 1273 1099 1334 iu
1119 1272 1270 1336 tenuitate
1291 1271 1463 1354 ponebatur
1483 1275 1515 1334 et
1535 1264 1691 1354 pellucido
1713 1273 1881 1336 cicutaei
1979 1298 1986 1305 ·

205 1376 301 1441 Herc.
321 1375 417 1439 Proui.
434 1378 470 1458 p.
491 1377 562 1451 2t3
603 1374 675 1437 ideo
702 1393 772 1437 cum
799 1363 990 1459 θεριστρίιρ
1017 1379 1225 1455 comparatum
1253 1379 1303 1437 est
1330 1396 1349 1437 a
1375 1371 1598 1437 Valchcuacrio·
1618 1373 1657 1436 ad
1677 1374 1825 1437 Adoniaa.
1846 1364 1892 1457 p.‘

205 1479 283 1544 668.
306 1479 531 1559 linteatosque
545 1476 729 1541 Tarentinos
743 1476 970 1539 adusumsolis
984 1482 1072 1539 aestu
1085 1476 1185 1541 fuisse
1199 1476 1326 1540 concedi
1339 1476 1431 1539 facile
1442 1480 1557 1558 potest.
1579 1474 1680 1571 ileyu.
1691 1481 1880 1557 opusetom.
1954 1498 1976 1551 ῃ

8 1616 10 1625 ι
57 1544 68 1551 '
176 1581 267 1658 111..
295 1600 327 1664 p.
348 1580 422 1644 112.
466 1579 529 1644 Sed
550 1584 671 1663 specim
689 1579 841 1643 luxuriem
862 1580 952 1641 simul
973 1584 1005 1640 et
1025 1580 1205 1643 tenuitatem
1225 1580 1413 1642 Aristaeneti
1434 1578 1521 1640 locus
1545 1576 1651 1658 (epist.
1672 1577 1707 1653 1.,
1729 1576 1782 1640 25.
1803 1579 1879 1661 ibid.

204 1683 341 1747 Mereor.
370 1683 410 1749 cf.
432 1684 556 1747 Luciam
578 1685 600 1746 l.
621 1679 683 1769 c.)r
727 1675 767 1745 τὸ
791 1675 829 1746 δὲ
849 1670 1118 1767 ταράντιονρέξ
1137 1666 1177 1745 οὗ
1202 1677 1378 1765 διαφανῶς
1398 1668 1419 1764 ἦ
1443 1669 1519 1764 ὥρα
1539 1672 1723 1757 licitantes,
1757 1687 1881 1745 accusat

207 1783 290 1849 mrim
309 1804 447 1850 sororem
468 1785 633 1867 intercepti
653 1784 712 1847 sibi
731 1785 875 1875 unctoria
897 1784 1052 1862 meretrix,
1074 1784 1158 1863 quod
1170 1784 1254 1846 hunc
1266 1782 1354 1844 floria
1368 1785 1498 1844 aetatem
1511 1799 1569 1861 per
1581 1784 1697 1843 restem
1712 1783 1879 1861 ostendeus
1936 1846 1938 1853 ,

203 1889 415 1972 perlucentem
437 1890 476 1951 ad
496 1906 631 1955 amorem
651 1889 818 1951 incitasset.
859 1886 999 1950 Eandem
1019 1878 1200 1949 tenuitatem
1221 1884 1380 1948 confirmat
1401 1880 1483 1964 apud
1503 1881 1628 1944 Suidam
1644 1881 1837 1945 Nicostratus
1852 1900 1878 1946 s.
1943 1968 1951 1975 ἣ

202 2008 233 2053 v.
257 1982 526 2078 Ταραντινίδιον,
550 1991 710 2054 mulierem
730 1991 843 2053 leviter
863 1994 1039 2073 tangentem
1059 1980 1177 2050 reatem
1197 1987 1321 2069 rupisse
1343 2002 1539 2060 asseveransa
1582 2000 1704 2062 exque
1726 1986 1882 2065 scriptore¹

200 2090 236 2155 id
257 2111 383 2174 quoque
403 2094 597 2176 intelligitur,
617 2092 812 2157 tarantiuidin
832 2110 894 2154 non
914 2096 1018 2154 certae
1037 2090 1156 2152 formae
1175 2089 1274 2151 inisse
1295 2093 1410 2164 vestes,
1432 2086 1488 2149 sed
1505 2102 1611 2148 omnes
1625 2104 1643 2147 e
1657 2084 1750 2167 pinna
1763 2089 1879 2152 marina

203 2192 236 2255 iu
257 2194 344 2257 italia
365 2195 520 2259 confectas
541 2197 601 2260 hoc
622 2195 745 2259 nomine
757 2207 836 2267 „esse
858 2193 1037 2275 appellatas,
1057 2192 1112 2256 ilio
1126 2192 1207 2254 euim
1218 2190 1387 2253 Nicostrati
1400 2189 1471 2253 loco
1491 2187 1640 2263 diadema,
1664 2189 1747 2268 quod
1766 2186 1897 2253 muller*

205 2301 242 2356 ut
261 2298 384 2378 insigne
405 2297 580 2381 et.impcrii
599 2299 745 2361 indicium
766 2296 894 2379 gerebat
914 2297 947 2358 in
967 2296 1078 2378 capite,
1099 2296 1234 2374 indeque
1254 2294 1425 2355 detractum
1446 2291 1527 2355 collo
1544 2291 1755 2368 circumdedit,
1776 2297 1880 2356 tamn·

199 2397 341 2462 fisidiam
361 2404 498 2477 uocatur.
540 2400 590 2464 Ex
611 2400 798 2465 Aristaeneti
818 2400 888 2463 loco
910 2399 1154 2480 conjectandum,
1175 2395 1403 2479 tarantinidium
1416 2394 1508 2481 capiti
1521 2388 1584 2483 nou
1597 2410 1688 2479 seona
1702 2393 1879 2474 impositum
1919 2391 1920 2394 ’

203 2492 304 2551 fuisse
324 2506 361 2551 ac
383 2488 589 2572 καλύπτραν,
607 2502 779 2551 munch
796 2499 937 2550 utnulla
950 2498 1176 2570 numerasset
1200 2489 1295 2550 vestis
1324 2485 1365 2549 cf.
1388 2483 1505 2568 Cuperi
1526 2488 1665 2549 observa.
1687 2491 1750 2567 lli,
1773 2496 1825 2556 14.
1845 2516 1902 2575 p..
1939 2551 1942 2555 .

202 2592 277 2655 626.
299 2583 402 2675 (ij.
423 2588 462 2651 ad
482 2588 583 2651 Rhea.
605 2584 734 2672 loto),
764 2590 860 2669 qnare
879 2607 938 2652 nec
958 2588 1086 2670 proprie
1109 2580 1246 2668 ἱμάτιον
1264 2587 1368 2650 vocari
1388 2591 1511 2668 potest,
1545 2588 1603 2651 sed
1620 2588 1717 2652 instar
1739 2582 1878 2670 ἱματίου

205 2699 270 2770 est,
298 2710 336 2755 ac
355 2694 522 2775 propterea
543 2691 580 2753 ah
601 2692 762 2755 Athenaeo
784 2684 871 2773 (ride
892 2686 1000 2775 supra)
1020 2688 1163 2769 χιτῶνος
1182 2690 1303 2753 nominc
1325 2691 1501 2753 uenantum
1520 2690 1660 2766 videtur,
1703 2691 1877 2775 siquidem
1920 2734 1923 2739 »

200 2795 257 2861 tio
272 2794 431 2876 scriptoris
446 2795 516 2856 loco
529 2800 631 2857 vestes
647 2793 830 2857 Tarentinae
845 2794 968 2875 cpinna
985 2796 1099 2857 marina
1116 2794 1271 2858 coniectas
1291 2793 1505 2874 intelligendas
1526 2812 1597 2856 esse
1616 2794 1740 2876 probari
1760 2802 1876 2878 potest.

200 2898 279 2960 Erat
298 2897 420 2960 omnino
442 2896 628 2961 Tarentinus
650 2898 776 2961 amictus
797 2897 995 2980 praemagna,
1016 2899 1054 2960 ad
1075 2896 1235 2961 malleolos
1256 2915 1356 2976 usqne
1377 2896 1538 2974 demissus,
1561 2898 1708 2977 quaedam
1729 2897 1876 2962 induendi

199 3000 404 3061 restes-ratio
426 2999 538 3061 Athen.
559 2998 653 3075 xlv„
674 3020 706 3079 p.
724 3000 799 3060 622.
820 3001 861 3075 b,
882 3006 918 3062 ut
938 3007 1025 3063 recte
1047 3001 1159 3069 dixisse
1180 3000 1320 3061 videatur
1332 2998 1508 3062 Socraticae
1520 2999 1669 3080 epistolae
1682 3000 1736 3063 lx.
1750 2984 1894 3064 auctor:x

201 3089 318 3182 σύρειν
332 3092 484 3178 ἐσθῆτας
496 3093 533 3159 ἐκ
550 3090 733 3183 Τάραντος,
756 3099 925 3161 velamenta
945 3101 1038 3180 longa
1059 3094 1295 3180 significaturus.
1338 3098 1550 3161 Tarentinidia
1575 3080 1753 3177 ruralierihus
1782 3122 1874 3183 prae·

201 3200 308 3263 rerthn
328 3198 361 3259 in
381 3215 440 3259 usu
461 3202 557 3273 erant
578 3188 704 3259 λεπτὸν
724 3197 915 3279 γυναικεῖον
925 3194 1121 3281 sceptrilegum
1135 3200 1279 3269 hastath.
1293 3198 1331 3257 ad
1345 3197 1435 3259 Dion
1443 3195 1572 3278 ‘Perieg
1590 3195 1666 3260 676.
1680 3200 1874 3283 of.1{eayon.

203 3289 428 3387 Ταραντινόν,
466 3304 552 3363 certe
573 3297 683 3361 seriori
703 3304 845 3381 tempore
865 3299 968 3361 mollis
990 3301 1028 3363 iis
1050 3300 1223 3361 luxuriabat
1241 3299 1422 3361 teminorum
1442 3299 1504 3361 vita
1526 3298 1666 3363 Clearch.
1688 3322 1738 3384 ap.
1759 3304 1873 3369 Athen.

95 3478 104 3493 .
199 3400 279 3478 XM,
300 3395 332 3485 p.
353 3402 427 3465 441.
449 3399 569 3477 Sohar..
597 3400 727 3464 masinae
754 3404 929 3467 meretricia
956 3402 1083 3466 Luciau.
1112 3402 1224 3483 dialog.
1244 3407 1369 3463 meretr.
1391 3398 1469 3479 Vll,
1491 3402 1523 3464 2.
1565 3401 1697 3466 Forster
1717 3405 1757 3469 de
1777 3405 1873 3486 bysso

200 3524 234 3584 p.
254 3505 308 3566 18.
330 3521 377 3583 sq.
420 3501 545 3565 Petalen
574 3503 646 3564 anuli
674 3504 830 3584 querelas,
860 3506 945 3585 quod
971 3506 1102 3568 vetustis
1130 3504 1314 3584 detritisque
1342 3501 1520 3567 Tarentinis
1547 3480 1685 3571 vestibus
1714 3508 1873 3570 amiciatur

189 3605 340 3686 'Alciphn
362 3604 453 3685 epist
474 3602 516 3680 1.,
548 3603 602 3666 66.
624 3602 708 3685 (cum
729 3608 811 3669 notis
832 3607 976 3678 Ber-elati
995 3605 1196 3678 at-Wagaeri
1218 3611 1289 3659 tom.
1312 3605 1346 3674 1.,
1368 3625 1399 3680 p.
1419 3606 1493 3668 212.
1513 3603 1623 3692 nlo),
1653 3613 1759 3672 contm
1786 3608 1871 3673 laudi

197 3704 259 3769 fuit
279 3706 447 3773 Phaetonte
467 3702 556 3757 uxori
575 3695 794 3758 Tarentinialiis
816 3697 1000 3760 abstinuisse
1020 3698 1150 3778 aliisque
1170 3697 1336 3762 luxuriosis
1357 3704 1556 3793 vestimentis.
1577 3707 1646 3767 Ael.
1667 3708 1707 3769 V.
1727 3710 1769 3769 Η.
1791 3709 1870 3788 Vll,

197 3806 230 3868 t).
250 3801 325 3880 ihiq.
345 3798 443 3879 intpp.
486 3794 623 3860 Dixerim
648 3814 726 3883 nero
755 3800 847 3862 etiam
876 3799 1055 3863 Tarentinas
1082 3806 1186 3863 vestes
1207 3801 1305 3865 fuisse
1325 3804 1400 3866 viris
1421 3825 1481 3868 usu
1501 3805 1700 3885 trequentes,
1728 3809 1869 3892 adstipu-

161 3936 166 3945 ·
196 3906 282 3970 lente
302 3901 461 3965 Athenaeo
482 3899 504 3961 l.
526 3917 571 3976 α,
599 3899 738 3980 inprimis
765 3901 798 3964 ln
826 3902 971 3964 conviviis
995 3907 1027 3965 et
1046 3903 1079 3965 in
1100 3902 1268 3966 saltatione.
1310 3903 1472 3987 Ejusmodi
1494 3911 1603 3969 ornatu
1625 3908 1765 3972 indutum
1786 3912 1868 3994 Age

197 4007 332 4087 thoclem
353 4003 520 4083 descripsit
539 4000 713 4082 Polyaenus
734 3999 783 4080 Vn
804 4002 837 4080 6,
858 4002 889 4064 6.
905 3997 949 4086 (τ.
963 4005 1006 4066 ihi
1018 4001 1181 4088 Maeuio.)=
1211 3999 1381 4092 κροκωτὸν
1402 4001 1514 4083 ἐνδὺς,
1540 4006 1747 4095 Ταραντῖνον
1768 4027 1869 4099 περι-

200 4097 388 4186 βαλόμενος
408 4092 571 4189 ηὔλησεν,
586 4093 797 4189 ἐκιθάρισεν,
822 4093 1009 4191 ὠρχήσατο.
1034 4105 1075 4168 ci.
1097 4106 1221 4171 Lucian.
1244 4109 1287 4172 ale
1304 4108 1432 4173 suumn.
1454 4129 1516 4176 non
1534 4117 1606 4172 tem.
1621 4112 1704 4174 cred.
1718 4114 1771 4176 16.
1792 4113 1867 4177 Pol-

197 4203 441 4282 tao.1V.‚1us.
483 4205 596 4269 Athen.
617 4204 710 4283 xiv..
731 4227 763 4288 p.
783 4206 857 4269 622.
879 4209 909 4269 h.
950 4206 1078 4270 Miller.
1099 4208 1173 4270 lior.
1195 4214 1270 4275 tom.
1289 4208 1345 4286 ΙΙ.,
1367 4233 1400 4293 p.
1420 4210 1495 4275 848.
1536 4213 1567 4275 A
1593 4208 1689 4275 nobili
1710 4215 1866 4282 Laconum

200 4306 398 4390 simplicitate
423 4306 555 4370 vestium
582 4326 707 4371 suarum
734 4308 854 4371 luxuria
874 4327 944 4373 cunr
964 4309 1033 4372 aliis
1054 4306 1249 4374 heniensium
1269 4312 1398 4375 coloniis
1421 4311 1590 4376 'Parentum
1610 4315 1703 4396 louge
1723 4321 1866 4396 recessit,
1963 4388 1968 4394 ,

200 4430 280 4494 quae
300 4409 333 4472 iu
353 4408 451 4490 patria
471 4408 625 4475 rarissima
644 4417 732 4476 mant
752 4415 786 4473 et
806 4411 933 4473 serioris
953 4410 1046 4473 modo
1067 4413 1175 4474 aeuus
1193 4431 1252 4473 usu
1270 4418 1352 4490 nota,
1374 4408 1526 4499 διαφανῆ
1536 4405 1726 4478 Λακωνικά
1740 4417 1865 4482 Miller.

195 4512 323 4597 11211,
340 4516 404 4572 tam
422 4503 653 4576 iaaaao‘amore
673 4513 875 4596 complexum,
897 4518 932 4575 ut
952 4514 1134 4596 peregrinos
1148 4513 1285 4577 tarenti
1305 4521 1508 4578 commoratos
1529 4534 1601 4579 mor
1621 4519 1706 4580 urhis
1728 4519 1864 4585 luxuries
1953 4566 1958 4571 ·

197 4613 396 4696 corruptione
417 4611 568 4674 inficeret.
609 4613 762 4697 Deposuit
781 4617 877 4699 igitur
896 4615 1077 4679 Laconicam
1095 4621 1214 4681 vestem
1236 4618 1422 4699 cleonymus
1443 4616 1535 4681 Diod.
1555 4616 1638 4699 ΧΧ,
1660 4622 1734 4705 illd,
1757 4642 1863 4704 quem·

200 4717 363 4780 admodum
384 4716 548 4777 Acrotatus
569 4714 602 4776 in
623 4715 726 4783 Sicilia
746 4720 882 4783 restibus
902 4717 1191 4797 immentorum
1211 4726 1261 4785 est
1280 4721 1389 4784 factus.
1409 4720 1484 4783 ibid.
1497 4718 1592 4797 xlii.
1609 4722 1662 4786 11.
1683 4723 1865 4805 Explicatur

142 4886 145 4891 ,
197 4820 333 4899 denique
353 4819 466 4880 vestitu
487 4817 597 4881 urium
616 4837 723 4901 purum
743 4822 870 4900 decoro,
892 4822 945 4904 qui
965 4821 1036 4886 fleri
1055 4819 1202 4888 facillime
1221 4824 1375 4906 potuerit,
1402 4826 1439 4885 ut
1457 4821 1664 4887 Romanorum
1683 4825 1801 4907 legator
1823 4828 1862 4891 oh

219 5050 246 5118 ¹)
264 5049 315 5189 Aa&
330 5050 475 5192 Spagrleim.
496 5054 695 5196 aglmcgilingach.
713 5056 741 5113 in
756 5058 814 5117 lor.
832 5063 874 5117 32.
892 5066 956 5119 tom.
972 5058 1018 5126 IL,
1035 5077 1059 5129 p.
1076 5062 1118 5115 tu.
1137 5060 1178 5116 ed.
1198 5058 1301 5118 litaret.
1319 5058 1469 5116 Liuiorum
1485 5072 1558 5115 mum
1575 5065 1681 5116 vetume
1699 5060 1865 5132 succusani.

196 5186 205 5193 ·
317 5150 355 5188 en·
424 5176 442 5205 ν
460 5153 485 5208 Ρ·
555 5179 561 5191 ·
598 5179 605 5198 ·
648 5158 690 5209 ⁸0⁸

1565 5222 1627 5304 ,μ
