4762 6168
1317 412 1363 476 112

1278 515 1404 532 ———-

509 618 637 702 perator
653 607 858 672 instituendos
879 606 1010 677 militum
1031 604 1182 683 delectus,
1204 604 1401 683 Cleonymus,
1423 599 1676 685 qui'i’u'rentincs
1691 608 1874 694 conseripsit
1886 608 2069 691 nisan,
2091 610 2179 692 loe,

511 711 544 767 et
563 700 703 783 Pyrrhus
724 715 850 758 sereres
873 700 1003 755 exactor.
1033 693 1115 754 Pint.
1137 690 1246 769 Pyrrh.
1269 691 1322 751 111.
1364 689 1539 768 Praeterea,
1563 713 1743 773 quamquam
1764 699 1804 759 de
1826 699 1907 759 bello
1929 720 1963 761 ac
1983 720 2060 781 paee
2080 720 2179 780 penes

509 789 660 876 populum
682 790 749 846 erut
769 783 943 854 arbitrium,
971 785 1007 841 nt
1028 780 1118 835 docet
1138 774 1273 837 Metonis
1295 775 1443 849 historia,
1464 781 1626 859 proposuit
1647 787 1748 845 tumen
1768 784 1935 866 imperator
1954 786 2028 846 belli
2050 784 2180 865 gerendi

494 877 702 941 conditiones
715 871 797 931 l’lut
813 874 943 948 quaesit.
957 880 1059 963 graec³
1069 861 1132 935 42,
1154 869 1248 961 utque
1263 864 1295 922 in
1309 861 1387 941 ipsis
1400 863 1490 925 bellis
1504 883 1652 927 summum
1675 869 1704 928 ei
1725 870 1857 931 delatum
1879 877 1928 935 est
1946 872 2117 951 imperium,
2140 872 2180 934 ud

495 963 603 1043 quod·
616 958 812 1021 rethrendum
831 949 955 1008 ridetur
977 966 995 1007 ο
1018 966 1237 1032 αντοκρατωρ
1259 946 1374 1009 Zonar.
1394 950 1471 1011 Anu.
1494 948 1587 1026 vill,
1608 952 1639 1013 2.
1662 953 1747 1015 Suid.
1766 944 1927 1039 Ἀρχύτας
1934 978 1945 1029 ,·
1981 957 2096 1017 idcirco
2118 954 2180 1019 Ar-

510 1050 619 1128 chytas
646 1035 762 1121 κύριος
785 1031 845 1117 τῆς
869 1024 1083 1118 Ταραντίνων
1104 1024 1238 1106 πόλεως
1258 1034 1371 1099 dicitnr
1392 1036 1472 1115 apud
1495 1035 1653 1098 Demosth.
1675 1060 1706 1119 p.
1729 1041 1822 1102 lala.
1846 1042 1953 1103 lieislr.
1977 1041 2065 1121 (tom.
2087 1039 2181 1122 vap.

508 1135 582 1197 6113.
604 1121 729 1206 Belle).
771 1122 854 1202 Apte
883 1139 951 1180 eum
979 1120 1175 1199 imperatorio
1204 1139 1330 1181 munere
1359 1122 1517 1184 consulum
1546 1123 1751 1187 Romanorum
1780 1132 1918 1207 potestas
1946 1126 2181 1206 comparabitur,

493 1220 626 1298 quippe
648 1212 758 1292 qulbus
778 1206 939 1287 imperinm
961 1211 1056 1278 extra,
1079 1225 1139 1266 non
1159 1207 1239 1269 intra
1259 1208 1366 1269 urbem
1387 1210 1581 1271 commissum
1602 1216 1661 1289 est,
1683 1211 1846 1275 oblatuma
1859 1214 1986 1295 populo.
2007 1213 2098 1274 rese
2112 1232 2182 1276 oum

507 1304 650 1385 imperio.
691 1296 742 1355 ci.
757 1294 822 1355 cte.
844 1293 883 1352 ad
904 1291 1020 1364 dini,
1041 1294 1071 1352 9.
1093 1289 1207 1377 flne⁴)
1274 1310 1279 1315 ·

593 1387 682 1450 llaec
703 1382 743 1442 de
763 1399 799 1441 re
820 1378 944 1439 militari
966 1377 1201 1439 Tarentinorum
1228 1379 1261 1442 in
1288 1380 1463 1449 universum
1490 1382 1612 1458 monui,
1636 1383 1701 1465 jum
1728 1383 1939 1465 disputaturus
1966 1383 2007 1445 de
2035 1384 2183 1466 equitatu

493 1494 628 1545 eorum,
648 1475 763 1532 tautam
785 1464 993 1525 celebritatem
1015 1464 1136 1545 adepto,
1159 1472 1193 1526 nt
1213 1466 1367 1546 singulare
1388 1471 1524 1550 equitum
1546 1489 1643 1550 genus
1666 1471 1702 1531 uh
1724 1471 1774 1546 iis,
1797 1462 1975 1550 quiessent
1995 1470 2183 1547 intentores,

494 1560 710 1626 Tarentinum
741 1556 904 1612 accuretur
945 1550 1039 1610 Suid:
1086 1549 1300 1633 Ταραντῖνος.
1346 1553 1415 1614 Aci.
1445 1553 1533 1616 Tuct.
1561 1575 1627 1635 cap.
1654 1556 1707 1617 411.
1729 1577 1760 1637 p.
1781 1558 1835 1618 12.
1857 1559 1983 1632 Arcen,
2012 1574 2184 1635 eorumque

508 1642 670 1720 dimicandi
689 1639 770 1699 ratio
790 1636 939 1696 uocabulo
959 1629 1205 1719 ταραντινίζειν
1225 1637 1431 1701 denotaretur.
1477 1633 1729 1727 Ταραντινίζειν
1751 1645 1825 1722 qnid
1853 1645 1912 1719 sit,
1939 1662 2001 1703 non
2019 1644 2105 1703 :sans
2133 1643 2181 1702 di-

508 1733 621 1797 stincte
642 1725 824 1805 emolicutum
846 1722 976 1823 lepimus
999 1723 1078 1800 apud
1101 1722 1248 1803 Stephani
1268 1724 1409 1805 Byzantii
1430 1728 1663 1809 epitomatorem
1677 1746 1702 1789 s.
1724 1748 1752 1790 a.
1777 1720 1910 1814 Τάραςε
1938 1719 2182 1810 ταραντινίζτιν

507 1811 549 1880 τὸ
571 1809 632 1897 τὴν
654 1801 814 1873 ἐνόπλιον
836 1827 894 1877 και
916 1799 965 1879 εἷς
990 1798 1195 1891 τᾶτμᾶχας,
1215 1799 1381 1892 χρήσιμον
1409 1803 1581 1875 introeatur
1606 1812 1810 1891 ποιεῖσθαι,
1864 1834 1922 1872 uae
1942 1813 2035 1872 rerba
2056 1814 2181 1892 repetiit

509 1899 690 1966 Eustuthius
711 1896 750 1956 ad
771 1892 861 1954 Dion.
883 1892 1004 1970 Perieg.
1025 1892 1099 1950 arn.
1143 1891 1345 1979 Luculentius
1374 1896 1481 1972 quales
1510 1894 1669 1956 Tarentini
1698 1897 1818 1975 equites
1837 1835 1973 1973 -lnsrint,
1995 1902 2122 1977 apparet
2142 1914 2180 1959 ex

495 1985 685 2064 ¹Hesychius
733 1976 938 2061 Ταραντῖνοι
960 1966 1190 2048 immolestum
1212 1963 1446 2054 ὀνομάζονται,
1471 1969 1505 2040 οἱ
1527 1974 1575 2050 δὲ,
1598 1969 1902 2056 concanonicum
1931 1972 1954 2067 ἢ
1982 1977 2063 2056 τούς
2089 1971 2181 2067 ὑψη-

494 2064 591 2143 ionic
614 2063 714 2149 (quud
740 2065 772 2124 in
801 2050 929 2143 ψιλούς
949 2060 1124 2121 mutandum
1147 2080 1218 2123 esse
1238 2068 1346 2123 censet
1365 2063 1509 2126 Arcerius
1533 2066 1571 2127 ud
1593 2067 1701 2128 Aeliun
1721 2087 1752 2148 p.
1775 2065 1864 2152 116.)
1888 2058 2023 2141 ἱππεῖς,
2055 2057 2100 2141 ὥς
2121 2060 2181 2129 καὶ

494 2150 701 2237 ἵππαρχος,
733 2149 843 2229 quibus
863 2147 966 2207 verbis
987 2168 1006 2207 e
1027 2147 1180 2208 Favorino
1202 2167 1227 2209 s.
1249 2166 1278 2210 v.
1310 2145 1514 2229 Ταραντῖνοι
1540 2154 1683 2233 repetitis
1711 2154 1802 2215 simul
1830 2154 1999 2216 vindicatur
2021 2153 2181 2215 Strabonis

508 2243 603 2305 lectio
624 2237 678 2300 Vl.
699 2257 731 2317 p.
752 2235 825 2297 291.
849 2231 963 2293 Tnseh.
986 2226 1074 2314 (281).
1091 2230 1187 2316 Cas),
1210 2234 1262 2312 qui
1279 2234 1327 2295 ait
1347 2234 1533 2299 Tarentinos
1554 2239 1697 2300 habuisse
1719 2229 1917 2324 ἱππάρχους
1932 2230 2071 2317 χιλίους.
2099 2239 2181 2318 'Qni-

509 2328 579 2390 dam
599 2326 785 2402 interpretes
809 2338 902 2399 quum
924 2338 1029 2380 vocem
1050 2319 1132 2380 illurn
1153 2320 1274 2400 vulgari
1294 2340 1387 2383 sensu
1417 2317 1526 2404 (Suida
1569 2317 1745 2409 innubaque
1766 2315 1786 2386 ὃ
1805 2322 1881 2386 τῶν.
1896 2316 2031 2387 ἱππέων
2051 2311 2183 2409 ἅρχων)

509 2413 695 2492 acciperent,
716 2424 868 2469 memores
888 2405 980 2466 trima
1001 2405 1129 2467 millium
1151 2409 1290 2485 equitum
1310 2406 1496 2470 uStrabone
1512 2409 1714 2486 laudatorum,
1736 2413 1790 2491 qui
1810 2422 1956 2473 numerus
1977 2410 2090 2491 triplex
2109 2410 2182 2481 laip-

507 2498 693 2576 parcberum
715 2498 781 2566 est,
807 2511 869 2553 non
898 2491 958 2555 alio
986 2491 1079 2554 modo
1106 2492 1219 2554 nodum
1240 2492 1362 2555 solvere
1383 2514 1479 2576 posse
1498 2497 1557 2556 sibi
1578 2496 1635 2556 risi
1656 2502 1748 2566 sunt,
1776 2517 1866 2563 naam
1888 2516 1944 2555 00,
1973 2490 2057 2561 ¹1⁰⁰st
2077 2482 2182 2548 locum

508 2582 563 2642 sut
584 2574 706 2636 omuino
727 2584 904 2649 corruptum
926 2596 998 2633 caue
1018 2584 1199 2651 censerent,
1219 2587 1272 2639 aut
1292 2581 1487 2645 scribendum
1508 2570 1717 2652 ὁκόρχονςή
1739 2569 1760 2629 1.
1783 2588 1811 2630 e.
1831 2568 1961 2630 miiitum
1983 2566 2078 2629 duces
2100 2569 2182 2632 inie-

508 2664 601 2728 rioris
622 2657 751 2731 ordinis,
771 2656 822 2715 six
843 2653 1002 2714 meliorem
1023 2670 1146 2713 sensnm
1168 2654 1360 2714 extricantes.
1390 2652 1455 2714 Nos
1468 2652 1560 2714 facile
1569 2652 1729 2716 Strabonis
1750 2653 1862 2730 locum,
1883 2653 2069 2733 singularem
2092 2656 2180 2735 eqni·

507 2756 574 2814 tum
594 2753 723 2808 turmam
743 2740 968 2820 intelligentes,
990 2743 1026 2798 nt
1046 2738 1218 2816 suspicatus
1240 2742 1290 2799 est
1309 2738 1449 2819 Heyuius
1471 2757 1577 2820 opusc.
1599 2739 1637 2801 ll.
1659 2759 1690 2821 p.
1710 2739 1803 2816 2211,
1822 2740 1863 2800 iis
1884 2739 2102 2803 conformatam
2122 2742 2178 2802 nai·

508 2834 625 2909 litibus,
647 2830 702 2911 qui
722 2827 849 2911 proprie
870 2824 1030 2886 Tarentini
1049 2829 1206 2899 vocantur,
1227 2824 1265 2883 ah
1288 2827 1369 2885 omni
1391 2825 1562 2885 offensione
1583 2827 1778 2906 expedimusa
1800 2825 1875 2887 dicti
1896 2830 1969 2887 sunt
1990 2827 2112 2903 equites
2133 2826 2178 2887 nb·

496 2913 604 2982 ·ῗππα
626 2933 696 2991 χοι,
729 2914 801 2990 quia
828 2911 867 2971 sd
891 2910 1040 2970 ineundus
1068 2927 1187 2985 pugnus
1215 2909 1313 2984 primo
1341 2911 1462 2990 agmine
1489 2910 1634 2971 incedunt
1661 2897 1871 2995 (ἄρχονται),
1899 2930 1935 2972 sc
1960 2904 2178 2993 μετέρχονται

497 2935 760 3082 mvpnlqyedds.
806 2994 874 3055 net.
896 2993 985 3052 Tuci.
1006 2990 1057 3053 42.
1078 3011 1110 3072 p.
1131 2990 1184 3051 13.
1206 2994 1239 3052 et
1259 2997 1323 3052 not.
1343 2992 1472 3054 Arcerii.
1512 2993 1623 3054 Exstat
1650 2994 1690 3054 dc
1716 2994 1777 3056 hoc
1797 2998 1934 3075 equitum
1957 3014 2071 3075 genere
2091 2997 2180 3058 locus

498 3087 658 3152 classicus
678 3082 759 3164 apud
781 3079 939 3141 Aelianum
952 3076 1051 3138 Tuci.
1073 3096 1099 3138 c.
1120 3077 1150 3137 2.
1172 3098 1204 3158 p.
1225 3078 1276 3139 14.
1293 3094 1339 3156 sq.
1360 3080 1484 3154 Arcen,
1517 3080 1570 3141 abi
1598 3079 1638 3141 de
1665 3080 1769 3142 bellici
1798 3087 1960 3162 apparatus
1982 3080 2181 3144 divisioneh

508 3174 657 3254 loquitur,
679 3187 737 3230 nec
759 3167 880 3245 integra
901 3165 967 3246 ejus
989 3164 1082 3225 rerba
1101 3163 1222 3225 referre
1241 3164 1357 3247 pigeat,
1379 3171 1416 3227 ut
1436 3184 1516 3249 quae
1532 3165 1629 3228 inerit
1643 3164 1879 3233 Tarentinorum
1895 3167 2034 3251 equitum
2047 3167 2181 3244 indoles,

498 3266 596 3325 extra
615 3274 736 3321 omnem
758 3252 975 3313 dubitationem
996 3254 1135 3330 penatum
2014 3290 2018 3303 .

498 3384 503 3395 .
594 3341 794 3421 Equestrium
816 3340 982 3416 cupiarum,
1003 3337 1103 3415 inquit
1123 3335 1289 3412 Aelimms,
1312 3355 1392 3416 quae
1411 3336 1445 3399 in
1465 3340 1582 3401 turmas
1604 3338 1809 3415 instruuntur,
1832 3357 1971 3419 quasque
1993 3358 2011 3402 a
2032 3338 2180 3401 cnrrnbus

498 3428 799 3499 discriminasimna,
828 3443 900 3505 pars
922 3423 1116 3502 cataphracta
1136 3428 1203 3498 est,
1229 3442 1301 3503 pars
1324 3443 1386 3495 uon
1407 3424 1610 3506 cataphracta.¹
1652 3426 1739 3503 Quae
1759 3420 1989 3511 cataphractu⁶)
2012 3424 2122 3487 dicitur
2143 3441 2182 3486 ea

508 3522 575 3578 tmn
596 3515 678 3575 sirus
699 3517 764 3572 tum
785 3528 884 3587 equos
906 3508 1010 3570 loricis
1032 3508 1172 3588 undique
1190 3509 1392 3591 circumtegit,
1413 3530 1493 3591 quae
1513 3511 1708 3594 cataphracta
1728 3531 1789 3574 non
1810 3517 1869 3590 est,
1892 3513 1960 3595 ejus
1974 3514 2097 3590 equites
2110 3513 2183 3572 sunt

509 3599 710 3680 doratophori
730 3615 787 3658 seu
806 3594 930 3670 hastati,
952 3592 1297 3673 quidamaeroboliatue
1341 3597 1545 3674 Dnmtophcri
1568 3604 1640 3653 num
1660 3599 1724 3664 isti,
1747 3598 1800 3669 qui
1821 3618 1860 3659 ex
1881 3599 1970 3676 equis
1992 3616 2061 3658 cum
2082 3596 2183 3657 hosti-
2262 3640 2266 3645 .

497 3687 567 3744 *11⁰³
587 3703 696 3737 mm,
715 3686 881 3728 mun*
902 3700 937 3722 Μ
958 3682 1099 3720 non-hu·
1114 3678 1215 3717 &Ab
1235 3677 1530 3735 Νησώ-’1111111111
1542 3680 1644 3713 mmm
1662 3673 1715 3712 01ss
1734 3681 1823 3713 nvn*-
1840 3677 1953 3718 Mani
1974 3686 2121 3743 vocantur
2144 3699 2184 3741 ue

510 3761 640 3831 scutati,
661 3755 711 3817 ulii
733 3750 831 3812 hastis
852 3747 926 3809 solis
948 3746 1016 3806 sine
1035 3742 1132 3804 scutis
1152 3746 1305 3821 pugnant,
1328 3738 1380 3819 qui
1401 3739 1493 3801 etium
1514 3738 1641 3820 proprie
1661 3738 1863 3818 doratophorl
1884 3745 2031 3802 vocantur
2052 3748 2184 3823 atquea

512 3844 666 3914 nonnullis
679 3836 869 3917 ffltophori,
911 3832 1043 3910 Equites
1066 3828 1267 3890 acroholistae
1287 3826 1440 3899 dicuutur,
1465 3825 1516 3903 qni
1539 3825 1657 3885 eminus
1678 3824 1800 3886 hostem
1821 3830 1941 3905 petunt,
1964 3833 2057 3909 atque
2071 3831 2183 3896 aarum

511 3935 565 3999 alii
586 3928 751 3994 missilibus
772 3925 916 3994 utuntur,
939 3918 990 3979 ulii
1010 3916 1151 3987 arcubus.
1193 3911 1364 3974 Missilibus
1385 3916 1514 3972 utuntur
1534 3904 1597 3985 illi,
1620 3910 1674 3989 qui
1694 3912 1822 3991 proprie
1842 3918 1990 3975 vocantur
2010 3912 2183 3995 Tarentini,

510 4029 544 4082 ,t
554 4015 791 4079 Tarentinorum
806 4007 921 4087 duplex
943 4009 992 4067 est
1012 4001 1197 4076 differentia,
1220 4018 1288 4061 num
1309 3999 1364 4078 qni
1386 4015 1424 4058 ex
1444 3996 1511 4056 illis'
1528 3996 1647 4057 eminus
1670 3997 1787 4077 spicula
1803 3996 1988 4077 jaculantur,
2012 3998 2181 4081 hippacen·

511 4098 638 4185 sisna')
660 4100 804 4159 dicuntur
823 4112 860 4154 uc
881 4091 1008 4171 proprie
1028 4087 1204 4163 Tarentini,
1234 4084 1356 4166 quidam
1375 4100 1450 4144 sero
1471 4081 1707 4143 Tarentinorum
1729 4083 1845 4143 levibus
1865 4083 2033 4145 missilibus
2056 4092 2183 4150 utuntur

512 4189 701 4270 caprimum
720 4179 818 4243 semel
838 4173 1013 4256 iterumque
1034 4173 1176 4257 ejaculuti
1198 4171 1358 4233 confestim
1379 4169 1490 4230 exinde
1517 4187 1586 4228 cum
1613 4168 1755 4228 hostibus
1783 4166 2018 4247 congredientes
2037 4170 2181 4236 'cominus

511 4274 662 4360 praelium
682 4272 790 4332 ineunt
808 4264 1031 4355 propemodum
1052 4264 1146 4341 atque
1165 4258 1228 4337 iili,
1263 4275 1341 4338 quos
1368 4253 1595 4337 doratophoros
1623 4259 1695 4317 ante
1716 4251 1845 4314 diximus
1867 4247 1941 4338 (sed
1961 4258 2064 4339 parvis
2083 4258 2182 4322 bustis

510 4387 752 4411 ‚„.....-.-.
2169 4391 2172 4397 .

528 4438 553 4508 a)
575 4438 637 4493 Pari
660 4408 750 4499 modo
763 4433 951 4500 Spartanorum
973 4442 1051 4495 rege,
1062 4427 1162 4480 aenda
1178 4425 1264 4494 patria
1279 4423 1341 4477 iacti
1357 4428 1417 4479 aunt
1435 4400 1617 4505 στρατργοὶ
1638 4393 1896 4504 αὖτοκρᾶτορεςῖ
1940 4422 2041 4477 Mulier.
2064 4420 2128 4476 Dor.
2144 4423 2180 4479 ΙΙ.

560 4509 683 4581 Υ11104.
719 4502 861 4583 Titimann.
873 4517 905 4619 ip.
925 4503 981 4551 126.
1016 4496 1094 4577 Haec
1114 4496 1206 4577 regiae.
1223 4493 1360 4574 potestatis
1384 4493 1579 4574 pereminens
1601 4490 1634 4543 ad
1656 4493 1917 4573 strategoairansirt.
1951 4490 1962 4542 l
1996 4491 2183 4548 anmtoteles

579 4588 691 4640 reguum
707 4571 872 4622 Laconicen
898 4569 991 4619 desse
1007 4572 1116 4649 censuri,
1134 4580 1182 4616 mar
1199 4570 1387 4630 imperatoriam
1404 4560 1553 4628 dsgmtutem
1570 4565 1728 4629 perpetuam.
1752 4559 1899 4624 Patauii,
1917 4564 1941 4612 9.
1986 4560 2075 4624 oettt.;
2096 4575 2184 4628 neque

471 4694 473 4699 .
580 4650 649 4708 alind
672 4649 799 4715 signifieat
820 4662 872 4700 vor
901 4654 1094 4721 στρατηγος,
1114 4656 1190 4707 quam
1209 4641 1300 4692 ducem
1318 4638 1404 4707 populi
1414 4639 1431 4692 i.
1446 4653 1577 4705 eregem
1596 4636 1700 4689 Pindar.
1714 4636 1817 4704 Olymp.
1825 4636 1867 4700 V,
1883 4640 1925 4689 12
1943 4633 2059 4689 Boeeih
2094 4634 2120 4705 ⁶)
2138 4638 2183 4692 Sic

580 4728 659 4783 habet
675 4727 753 4777 Ubbo
771 4722 888 4776 Emmiua
905 4721 948 4773 lib.
967 4720 1039 4773 Vlll.
1058 4718 1092 4771 de
1108 4725 1158 4770 vet.
1176 4719 1270 4771 Graec.
1288 4717 1314 4769 ia
1331 4717 1448 4775 Gronov.
1465 4715 1577 4770 theram
1594 4722 1656 4769 toan.
1674 4715 1719 4770 lv.
1738 4733 1763 4785 p.
1783 4720 1841 4769 ln.
1866 4699 2181 4787 ‘'thpxosersutja·

568 4806 652 4859 ⁴dices
669 4804 693 4854 in
711 4799 810 4854 caussis
828 4799 980 4867 quibusdum
997 4795 1066 4866 apud
1083 4795 1248 4850 Tarentinos.
1267 4795 1300 4847 ci.
1311 4793 1431 4860 Heayeha
1450 4777 1700 4873 ἆνδνκλόβολος.
1744 4790 1771 4861 ο)
1785 4793 1825 4846 De
1833 4786 2011 4856 cataphractis,
2028 4794 2073 4860 qni
2090 4800 2117 4844 et
2134 4792 2181 4843 cii-

580 4880 680 4935 banarii
703 4878 823 4931 dicuutur
846 4877 878 4929 ei.
900 4876 998 4930 Arcerii
1019 4879 1073 4927 nei.
1098 4888 1123 4940 p.
1143 4877 1201 4926 115.
1235 4871 1341 4924 Ernesti
1363 4870 1437 4923 indie.
1461 4871 1496 4924 ad
1519 4871 1643 4923 nnuman.
1665 4870 1780 4924 Marcell.
1802 4885 1823 4922 s.
1849 4884 1873 4920 r.
1896 4869 2033 4923 clibanarii.
2066 4869 2182 4936 ⁷)hlale

585 4937 848 5028 lnttaywvtowl,
866 4953 1051 5019 Cataiog.voe.
1069 4948 1107 5001 rei
1123 4950 1196 5001 milit.
1215 4964 1257 5016 ap.
1277 4947 1349 4999 Suid.
1366 4953 1428 4999 tom.
1447 4947 1742 5017 lll.p.118.sq.liuat.
1767 4942 1867 4998 Eodem
1878 4947 1938 5000 loce
1949 4946 2048 5011 dubito,
2068 4953 2180 5003 anreeta

581 5047 612 5089 se
629 5029 738 5095 habeut,
761 5029 832 5097 qnod
853 5029 949 5083 deinde
970 5027 1130 5097 adiungitur,
1151 5027 1232 5083 insse
1248 5026 1316 5082 inter
1332 5022 1513 5094 cataphractos
1536 5007 1790 5106 θυρεοφόρους,
1821 5006 1860 5081 οἳ
1883 5010 1943 5084 καὶ
1964 5016 1997 5080 T
1994 5017 2176 5107 aposthol-
2240 5082 2247 5089 ,
